@book{adams_davies_2009, place={London}, title={The hitchhikers guide to galaxy}, publisher={Pan Books}, author={Adams, Douglas and Davies, Russell T.}, year={2009}}
